@book{sintes2002aprenda,
  title={Aprenda programa{\c{c}}{\~a}o orientada a objetos em 21 dias},
  author={Sintes, Anthony},
  year={2002},
  publisher={Makron Books}
}